%%%%%%%%%%%%%%%%%%%%%
% Technical Reports %
%%%%%%%%%%%%%%%%%%%%%
@techreport{paper_beyak_saga,
    author      = {Lucas Beyak},
    title       = {{SAGA: A Story Scripting Tool for Video Game Development}},
    institution = {McMaster University - Department of Computing and Software},
    year        = {2011},
    month       = {April}
}

%%%%%%%%%%%%
% Articles %
%%%%%%%%%%%%
@article{article_featherweightjava,
    author      = {Atsushi Igarashi and Benjamin C. Pierce and Philip Wadler},
    title       = {{Featherweight Java: a minimal core calculus for Java and GJ}},
    journal     = {ACM Transactions on Programming Languages and Systems},
    year        = {2001},
    month       = {May},
    volume      = {23},
    number      = {3}
}

@inproceedings{inproc_beyak_saga,
    author      = {Lucas Beyak and Jacques Carette},
    year        = {2011},
    pages       = {48-67},
    title       = {{SAGA: A DSL for Story Management}},
    booktitle   = {DSL 2011: IFIP Working Conference on Domain-Specific Languages},
    month       = {September},
    volume      = {66},
    url         = {http://arxiv.org/abs/1109.0776}
}

%%%%%%%%%
% Books %
%%%%%%%%%
@book{book_clark_comparative,
    author      = {Robert G. Clark},
    title       = {{Comparative Programming Languages}},
    edition     = {3rd},
    isbn        = {0201710129},
    publisher   = {Addison Wesley},
    month       = {November},
    year        = {2000}
}

@book{book_scott_pragmatics,
    author      = {Michael L. Scott},
    title       = {{Programming Language Pragmatics}},
    edition     = {3rd},
    isbn        = {0123745144},
    publisher   = {Morgan Kaufmann},
    month       = {April},
    year        = {2009}
}

@book{book_friedman_essentials,
    author      = {Daniel P. Friedman and Mitchell Wand and Christopher T. Haynes},
    title       = {{Essentials of Programming Languages}},
    edition     = {2nd},
    isbn        = {0262062178},
    publisher   = {MIT Press},
    month       = {January},
    year        = {2001}
}

@book{book_sebesta_concepts,
    author      = {Robert W. Sebesta},
    title       = {{Concepts of Programming Languages}},
    edition     = {5th},
    isbn        = {0201752956},
    publisher   = {Addison Wesley},
    month       = {July},
    year        = {2001}
}

@book{book_tucker_proglang,
    author      = {Allen Tucker and Robert Noonan},
    title       = {{Programming Languages: Principles and Paradigms}},
    isbn        = {0072381116},
    publisher   = {McGraw-Hill},
    year        = {2002}
}

@book{book_mitchell_proglang,
    author      = {John C. Mitchell},
    title       = {{Foundations for Programming Languages}},
    isbn        = {0262133210},
    publisher   = {The MIT Press},
    year        = {1996}
}

@book{book_ierusalimschy_lua,
    author      = {Roberto Ierusalimschy},
    title       = {{Programming in Lua}},
    edition     = {2nd},
    isbn        = {8590379825},
    publisher   = {Lua.org},
    month       = {March},
    year        = {1996}
}

@book{book_lipovaca_lyah,
    author          = {Miran Lipova\v{c}a},
    title           = {{Learn You a Haskell for Great Good!}},
    isbn            = {1593272839},
    publisher       = {No Starch Press},
    month           = {April},
    year            = {2011}
}

%%%%%%%%%%%%%
% Web Pages %
%%%%%%%%%%%%%
@misc{web_haskell,
    title           = {{The Haskell Programming Language}},
    month           = {July},
    year            = {2011},
    howpublished    = "\url{http://www.haskell.org/haskellwiki/Haskell}"
}   

@misc{web_so_nsnumber,
    title           = {{NSNumber numberWithInt crashing on numbers \textgreater = 13}},
    month           = {August},
    year            = {2011},
    howpublished    = "\url{http://stackoverflow.com/questions/7165735/nsnumber-numberwithint-crashing-on-numbers-13}",
    author          = {Stack Overflow}
}   
    
@misc{web_quicksort,
    author          = {Algolist},
    title           = {{Algorithms and Data Structures - Quicksort}},
    howpublished    = "\url{http://www.algolist.net/Algorithms/Sorting/Quicksort}"
}

@misc{web_javapatterns,
    author          = {Javacamp},
    title           = {{Java Design Patterns At a Glance}},
    howpublished    = "\url{http://www.javacamp.org/designPattern/}",
    month           = {September},
    year            = {2008}
}

@misc{web_javaexpr,
    author          = {Sun Microsystems Inc.},
    title           = {{Java Language Specification, Second Edition - Expressions}},
    howpublished    = "\url{http://java.sun.com/docs/books/jls/second_edition/html/expressions.doc.html}",
    year            = {2000}
}

@misc{web_cppprogstruct,
    author          = {The C++ Resources Network},
    title           = {{Structure of a Program}},
    howpublished    = "\url{http://www.cplusplus.com/doc/tutorial/program_structure/}",
    year            = {2011}
}

@misc{web_rubymethods,
    author          = {Mark Slagell},
    title           = {{Ruby User's Guide - Methods}},
    howpublished    = "\url{http://www.rubyist.net/~slagell/ruby/methods.html}",
    year            = {2008}
}

@misc{web_csclasses,
    author          = {MSDN},
    title           = {{Classes (C\# Programming Guide)}},
    howpublished    = "\url{http://msdn.microsoft.com/en-us/library/x9afc042.aspx}",
    year            = {2012}
}

@misc{web_module,
    author          = {Leon Rosenthal},
    title           = {{Module}},
    howpublished    = "\url{http://searchenterpriselinux.techtarget.com/definition/module}",
    month           = {August},
    year            = {1998}
}

@misc{web_langpop,
    author          = {DedaSys LLC},
    title           = {{Programming Language Popularity}},
    howpublished    = "\url{http://langpop.com/}",
    month           = {April},
    year            = {2011}
}

@misc{web_objc,
    author          = {Apple Inc.},
    title           = {{The Objective-C Programming Language}},
    howpublished    = "\url{https://developer.apple.com/library/mac/#documentation/Cocoa/Conceptual/ObjectiveC/Introduction/introObjectiveC.html}",
    month           = {October},
    year            = {2011}
}

@misc{web_luaoop,
    author          = {Steve Litt},
    title           = {{Lua OOP}},
    howpublished    = "\url{http://www.troubleshooters.com/codecorn/lua/luaoop.htm}",
    year            = {2011}
}

@misc{web_haskelldsls,
    author          = {Sadek Drobi},
    title           = {{Lennart Augustsson on DSLs Written in Haskell}},
    howpublished    = "\url{http://www.infoq.com/interviews/DSL-Haskell-Lennart-Augustsson}",
    month           = {February},
    year            = {2009}
}

@misc{web_impproglang,
    author          = {Matt Might},
    title           = {{7 lines of code, 3 minutes: Implement a programming language from scratch}},
    howpublished    = "\url{http://matt.might.net/articles/implementing-a-programming-language/}"
}

@misc{web_hughespjdoc,
    author          = {David Terei},
    title           = {{HackageDB: Text.PrettyPrint.HughesPJ}},
    howpublished    = "\url{http://hackage.haskell.org/packages/archive/pretty/latest/doc/html/Text-PrettyPrint-HughesPJ.html}",
    year            = {2012}
}

@misc{web_haddock,
    author          = {Simon Marlow and David Waern},
    title           = {{Haddock User Guide}},
    howpublished    = "\url{http://www.haskell.org/haddock/doc/html/index.html}",
    year            = {2010}
}

@misc{web_graphmoddoc,
    author          = {Iavor S. Diatchki},
    title           = {{HackageDB: graphmod-1.2.3}},
    howpublished    = "\url{http://hackage.haskell.org/package/graphmod}",
    month           = {August},
    year            = {2010}
}
