@Article{CSC,
author = {Claes Wohlin, Per Runeson},
title = {Certification of Software Components},
journal = {IEEE TRANSACTIONS ON SOFTWARE ENGINEERING},
year = {1994},
volume = {20},
month = {June},
}

@InCollection{Voas,
author = {Jeffrey Voas},
title = {Developing a
Usage-Based
Software
Certification
Process},
publisher = {Reliable Software Technologies},
year = {2014},
month = {03},
}

@InCollection{Lawford,
author = {Alan Wassyng, Tom Maibaum, Mark Lawford},
title = {On Software Certification: We Need
Product-Focused Approaches},
publisher = {Springer-Verlag Berlin Heidelberg},
year = {2010},
number = {LNCS 6028},
note = {C. Choppy and O. Sokolsky (Eds.): Monterey Workshop 2008},
}

@InProceedings{SCMS,
author = {Ewen Denney and Bernd Fischer},
title = {Software Certification and Software Certificate
Management Systems},
booktitle = {2005 Automated Software Engineering
Workshop on Software Certificate Management},
year = {2005},
address = {Long Beach, California, USA},
month = {November 8},
publisher = {Association for Computing Machinery},
}

@Misc{seminar,
author = {Marc Bender},
title = {What Is Software Certification?},
howpublished = {McMaster Centre for Software Certification (McSCert)},
month = {April 13},
year = {2011},
note = {McSCert Seminar 2},
}

@misc{olXSD,
    author          = {Domenico Briganti},
    title           = {{W3C XML Schema (XSD) Validation online}},
    howpublished    = "\url{http://www.utilities-online.info/xsdvalidation/#.U0M3I_ldXwg}"
}

@misc{olXSL,
    author          = {Domenico Briganti},
    title           = {{XSLT (eXtensible Stylesheet Language Transformations) online transformations}},
    howpublished    = "\url{http://www.utilities-online.info/xsltransformation/#.U0M6RfldXwg}"
}

@misc{SAT,
    title           = {{SAT Challenge 2012}},
    howpublished    = "\url{http://baldur.iti.kit.edu/SAT-Challenge-2012/}"
}

@misc{Pacemaker,
    title           = {{Pacemaker Formal Methods Challenge}},
    howpublished    = "\url{http://sqrl.mcmaster.ca/pacemaker.htm}",
    year = {2007},
    publisher = {Software Quality Research Laboratory}
}

@misc{SMT,
    title           = {{SMT-COMP 2012}},
    howpublished    = "\url{http://smtcomp.sourceforge.net/2012/}"
}

@misc{SV,
        title           = {{Competition on Software Verification (SV-COMP)}},
        year ={2013},
        howpublished    = "\url{http://sv-comp.sosy-lab.org/2013/index.php}"
    }
    
@misc{CADE,
    title           = {{The CADE ATP System Competition}},
    note  = {The World Championship for Automated Theorem Proving},
    howpublished    = "\url{http://www.cs.miami.edu/~tptp/CASC/}"
}

@misc{York,
    title           = {{Course Modules Offered at York University }},
    note = {MSc in Safety Critical Systems Engineering},
    howpublished    = "\url{https://www.cs.york.ac.uk/postgraduate/taught-courses/msc-scse/#tab-2}"
}

@misc{Waterloo,
    title           = {{ECE423: Embedded Computer Systems }},
    note = {University of Waterloo},
    howpublished    = "\url{https://ece.uwaterloo.ca/~rpellizz/ECE423.php}"
}

@misc{Victoria,
    title           = {{Embedded and Networked Systems }},
    note = {Victoria University},
    howpublished    = "\url{http://www.vu.edu.au/units/ENE3202}"
}

@misc{MaC,
    title           = {{MECHTRON/SFWR ENG 4AA4/6GA3 â€“ Real-Time Systems }},
    note = {McMaster University},
    howpublished    = "\url{http://www.cas.mcmaster.ca/~downd/courses/4aa4/4aaout.htm}"
}

@misc{Alea,
    title           = {{Alea: a library for reasoning on randomized algorithms in Coq }},
    year = {2013},
    howpublished    = "\url{https://www.lri.fr/~paulin/ALEA/}"
}

@misc{MICRO,
    title           = {{Microchip Certified Class B Safety Software Library for 16 bit and PIC32 MCUs }},
    howpublished    = "\url{http://www.microchip.com/stellent/idcplg?IdcService=SS_GET_PAGE&nodeId=2680&dDocName=en548988}"
}

@misc{COQ,
    title           = {{The Coq Proof Assistant}},
    howpublished = "\url{http://coq.inria.fr/}"
}

@misc{CADP,
    title           = {{Construction and Analysis of Distributed Processes}},
    note = {Toolbox for the design of asynchronous concurrent systems},
    howpublished = "\url{http://cadp.inria.fr/}"
}

@misc{DFC,
    title           = {{A Coq Library on Floating-Point Arithmetic }},
    howpublished    = "\url{http://lipforge.ens-lyon.fr/www/pff/}"
}
